@article{goodfellow2016nips,
  title={Nips 2016 tutorial: Generative adversarial networks},
  author={Goodfellow, Ian},
  journal={arXiv preprint arXiv:1701.00160},
  year={2016}
}

@article{Intro2VAE,
  author    = {Diederik P. Kingma and
               Max Welling},
  title     = {An Introduction to Variational Autoencoders},
  journal   = {CoRR},
  volume    = {abs/1906.02691},
  year      = {2019},
  url       = {http://arxiv.org/abs/1906.02691},
  archivePrefix = {arXiv},
  eprint    = {1906.02691},
  timestamp = {Thu, 13 Jun 2019 13:36:00 +0200},
  biburl    = {https://dblp.org/rec/journals/corr/abs-1906-02691.bib},
  bibsource = {dblp computer science bibliography, https://dblp.org}
}

@book{goodfellow2016deep,
  title={Deep learning},
  author={Goodfellow, Ian and Bengio, Yoshua and Courville, Aaron and Bengio, Yoshua},
  volume={1},
  number={2},
  year={2016},
  publisher={MIT press Cambridge}
}

@article{kingma2017variational,
  title={Variational inference \& deep learning: A new synthesis},
  author={Kingma, Diederik Pieter},
  year={2017}
}

@article{hinton1995wake,
  title={The" wake-sleep" algorithm for unsupervised neural networks},
  author={Hinton, Geoffrey E and Dayan, Peter and Frey, Brendan J and Neal, Radford M},
  journal={Science},
  volume={268},
  number={5214},
  pages={1158--1161},
  year={1995},
  publisher={American Association for the Advancement of Science}
}

@article{kingma2013auto,
  title={Auto-encoding variational bayes},
  author={Kingma, Diederik P and Welling, Max},
  journal={arXiv preprint arXiv:1312.6114},
  year={2013}
}

@inproceedings{rezende2014stochastic,
  title={Stochastic backpropagation and approximate inference in deep generative models},
  author={Rezende, Danilo Jimenez and Mohamed, Shakir and Wierstra, Daan},
  booktitle={International conference on machine learning},
  pages={1278--1286},
  year={2014},
  organization={PMLR}
}

@article{dempster1977maximum,
  title={Maximum likelihood from incomplete data via the EM algorithm},
  author={Dempster, Arthur P and Laird, Nan M and Rubin, Donald B},
  journal={Journal of the Royal Statistical Society: Series B (Methodological)},
  volume={39},
  number={1},
  pages={1--22},
  year={1977},
  publisher={Wiley Online Library}
}

@inproceedings{hoffman2010online,
  title={Online learning for latent dirichlet allocation},
  author={Hoffman, Matthew and Bach, Francis R and Blei, David M},
  booktitle={advances in neural information processing systems},
  pages={856--864},
  year={2010},
  organization={Citeseer}
}

@book{chriss1997black,
  title={Black Scholes and beyond: option pricing models},
  author={Chriss, Neil A and Chriss, Neil},
  year={1997},
  publisher={McGraw-Hill}
}

@article{schrittwieser2020mastering,
  title={Mastering atari, go, chess and shogi by planning with a learned model},
  author={Schrittwieser, Julian and Antonoglou, Ioannis and Hubert, Thomas and Simonyan, Karen and Sifre, Laurent and Schmitt, Simon and Guez, Arthur and Lockhart, Edward and Hassabis, Demis and Graepel, Thore and others},
  journal={Nature},
  volume={588},
  number={7839},
  pages={604--609},
  year={2020},
  publisher={Nature Publishing Group}
}

@article{mohamed2020monte,
  title={Monte Carlo gradient estimation in machine learning},
  author={Mohamed, Shakir and Rosca, Mihaela and Figurnov, Michael and Mnih, Andriy},
  journal={Journal of Machine Learning Research},
  volume={21},
  number={132},
  pages={1--62},
  year={2020}
}

@inproceedings{rezende2015variational,
  title={Variational inference with normalizing flows},
  author={Rezende, Danilo and Mohamed, Shakir},
  booktitle={International Conference on Machine Learning},
  pages={1530--1538},
  year={2015},
  organization={PMLR}
}

@book{barber2012bayesian,
  title={Bayesian reasoning and machine learning},
  author={Barber, David},
  year={2012},
  publisher={Cambridge University Press}
}

@article{ackley1985learning,
  title={A learning algorithm for Boltzmann machines},
  author={Ackley, David H and Hinton, Geoffrey E and Sejnowski, Terrence J},
  journal={Cognitive science},
  volume={9},
  number={1},
  pages={147--169},
  year={1985},
  publisher={Elsevier}
}

@article{dayan1995helmholtz,
  title={The helmholtz machine},
  author={Dayan, Peter and Hinton, Geoffrey E and Neal, Radford M and Zemel, Richard S},
  journal={Neural computation},
  volume={7},
  number={5},
  pages={889--904},
  year={1995},
  publisher={MIT Press}
}

@article{everitt2014finite,
  title={Finite mixture distributions},
  author={Everitt, Brian S},
  journal={Wiley StatsRef: Statistics Reference Online},
  year={2014},
  publisher={Wiley Online Library}
}

@article{rabiner1986introduction,
  title={An introduction to hidden Markov models},
  author={Rabiner, Lawrence and Juang, Biinghwang},
  journal={ieee assp magazine},
  volume={3},
  number={1},
  pages={4--16},
  year={1986},
  publisher={IEEE}
}

@article{blei2003latent,
  title={Latent dirichlet allocation},
  author={Blei, David M and Ng, Andrew Y and Jordan, Michael I},
  journal={the Journal of machine Learning research},
  volume={3},
  pages={993--1022},
  year={2003},
  publisher={JMLR. org}
}

@article{oord2016wavenet,
  title={Wavenet: A generative model for raw audio},
  author={Oord, Aaron van den and Dieleman, Sander and Zen, Heiga and Simonyan, Karen and Vinyals, Oriol and Graves, Alex and Kalchbrenner, Nal and Senior, Andrew and Kavukcuoglu, Koray},
  journal={arXiv preprint arXiv:1609.03499},
  year={2016}
}

@inproceedings{ledig2017photo,
  title={Photo-realistic single image super-resolution using a generative adversarial network},
  author={Ledig, Christian and Theis, Lucas and Husz{\'a}r, Ferenc and Caballero, Jose and Cunningham, Andrew and Acosta, Alejandro and Aitken, Andrew and Tejani, Alykhan and Totz, Johannes and Wang, Zehan and others},
  booktitle={Proceedings of the IEEE conference on computer vision and pattern recognition},
  pages={4681--4690},
  year={2017}
}

@article{kingma2014semi,
  title={Semi-supervised learning with deep generative models},
  author={Kingma, Diederik P and Rezende, Danilo J and Mohamed, Shakir and Welling, Max},
  journal={arXiv preprint arXiv:1406.5298},
  year={2014}
}

@article{bowman2015generating,
  title={Generating sentences from a continuous space},
  author={Bowman, Samuel R and Vilnis, Luke and Vinyals, Oriol and Dai, Andrew M and Jozefowicz, Rafal and Bengio, Samy},
  journal={arXiv preprint arXiv:1511.06349},
  year={2015}
}

@article{kingma2016improving,
  title={Improving variational inference with inverse autoregressive flow},
  author={Kingma, Diederik P and Salimans, Tim and Jozefowicz, Rafal and Chen, Xi and Sutskever, Ilya and Welling, Max},
  journal={arXiv preprint arXiv:1606.04934},
  year={2016}
}

@article{higgins2016beta,
  title={beta-vae: Learning basic visual concepts with a constrained variational framework},
  author={Higgins, Irina and Matthey, Loic and Pal, Arka and Burgess, Christopher and Glorot, Xavier and Botvinick, Matthew and Mohamed, Shakir and Lerchner, Alexander},
  year={2016}
}

@article{burgess2018understanding,
  title={Understanding disentangling in $\beta$-VAE},
  author={Burgess, Christopher P and Higgins, Irina and Pal, Arka and Matthey, Loic and Watters, Nick and Desjardins, Guillaume and Lerchner, Alexander},
  journal={arXiv preprint arXiv:1804.03599},
  year={2018}
}

@article{dieng2016variational,
  title={Variational Inference via $\chi$-Upper Bound Minimization},
  author={Dieng, Adji B and Tran, Dustin and Ranganath, Rajesh and Paisley, John and Blei, David M},
  journal={arXiv preprint arXiv:1611.00328},
  year={2016}
}

@article{semeniuta2017hybrid,
  title={A hybrid convolutional variational autoencoder for text generation},
  author={Semeniuta, Stanislau and Severyn, Aliaksei and Barth, Erhardt},
  journal={arXiv preprint arXiv:1702.02390},
  year={2017}
}

@inproceedings{jin2018junction,
  title={Junction tree variational autoencoder for molecular graph generation},
  author={Jin, Wengong and Barzilay, Regina and Jaakkola, Tommi},
  booktitle={International Conference on Machine Learning},
  pages={2323--2332},
  year={2018},
  organization={PMLR}
}

@article{roberts2017hierarchical,
  title={Hierarchical variational autoencoders for music},
  author={Roberts, Adam and Engel, Jesse and Eck, Douglas},
  year={2017}
}

@inproceedings{gregor2015draw,
  title={Draw: A recurrent neural network for image generation},
  author={Gregor, Karol and Danihelka, Ivo and Graves, Alex and Rezende, Danilo and Wierstra, Daan},
  booktitle={International Conference on Machine Learning},
  pages={1462--1471},
  year={2015},
  organization={PMLR}
}

@inproceedings{habibian2019video,
  title={Video compression with rate-distortion autoencoders},
  author={Habibian, Amirhossein and Rozendaal, Ties van and Tomczak, Jakub M and Cohen, Taco S},
  booktitle={Proceedings of the IEEE/CVF International Conference on Computer Vision},
  pages={7033--7042},
  year={2019}
}

@article{maaloe2019biva,
  title={Biva: A very deep hierarchy of latent variables for generative modeling},
  author={Maal{\o}e, Lars and Fraccaro, Marco and Li{\'e}vin, Valentin and Winther, Ole},
  journal={arXiv preprint arXiv:1902.02102},
  year={2019}
}

@article{vahdat2020nvae,
  title={Nvae: A deep hierarchical variational autoencoder},
  author={Vahdat, Arash and Kautz, Jan},
  journal={arXiv preprint arXiv:2007.03898},
  year={2020}
}

@article{child2020very,
  title={Very Deep VAEs Generalize Autoregressive Models and Can Outperform Them on Images},
  author={Child, Rewon},
  journal={arXiv preprint arXiv:2011.10650},
  year={2020}
}

@article{nalisnick2018deep,
  title={Do deep generative models know what they don't know?},
  author={Nalisnick, Eric and Matsukawa, Akihiro and Teh, Yee Whye and Gorur, Dilan and Lakshminarayanan, Balaji},
  journal={arXiv preprint arXiv:1810.09136},
  year={2018}
}

@inproceedings{dieng2019avoiding,
  title={Avoiding latent variable collapse with generative skip models},
  author={Dieng, Adji B and Kim, Yoon and Rush, Alexander M and Blei, David M},
  booktitle={The 22nd International Conference on Artificial Intelligence and Statistics},
  pages={2397--2405},
  year={2019},
  organization={PMLR}
}

@article{he2019lagging,
  title={Lagging inference networks and posterior collapse in variational autoencoders},
  author={He, Junxian and Spokoyny, Daniel and Neubig, Graham and Berg-Kirkpatrick, Taylor},
  journal={arXiv preprint arXiv:1901.05534},
  year={2019}
}

@article{rezende2018taming,
  title={Taming vaes},
  author={Rezende, Danilo Jimenez and Viola, Fabio},
  journal={arXiv preprint arXiv:1810.00597},
  year={2018}
}

@article{richter2020vargrad,
  title={VarGrad: A Low-Variance Gradient Estimator for Variational Inference},
  author={Richter, Lorenz and Boustati, Ayman and N{\"u}sken, Nikolas and Ruiz, Francisco JR and Akyildiz, {\"O}mer Deniz},
  journal={arXiv preprint arXiv:2010.10436},
  year={2020}
}

@article{maddison2016discrelax,
  author    = {Chris J. Maddison and
               Andriy Mnih and
               Yee Whye Teh},
  title     = {The Concrete Distribution: {A} Continuous Relaxation of Discrete Random
               Variables},
  journal   = {CoRR},
  volume    = {abs/1611.00712},
  year      = {2016},
  archivePrefix = {arXiv},
  eprint    = {1611.00712},
  timestamp = {Mon, 13 Aug 2018 16:48:00 +0200},
  biburl    = {https://dblp.org/rec/journals/corr/MaddisonMT16.bib},
  bibsource = {dblp computer science bibliography, https://dblp.org}
}

@article{rolfe2016discrete,
  title={Discrete variational autoencoders},
  author={Rolfe, Jason Tyler},
  journal={arXiv preprint arXiv:1609.02200},
  year={2016}
}

@article{DBLP:journals/corr/abs-1711-00937,
  author    = {A{\"{a}}ron van den Oord and
               Oriol Vinyals and
               Koray Kavukcuoglu},
  title     = {Neural Discrete Representation Learning},
  journal   = {CoRR},
  volume    = {abs/1711.00937},
  year      = {2017},
  archivePrefix = {arXiv},
  eprint    = {1711.00937},
  timestamp = {Mon, 13 Aug 2018 16:48:11 +0200},
  biburl    = {https://dblp.org/rec/journals/corr/abs-1711-00937.bib},
  bibsource = {dblp computer science bibliography, https://dblp.org}
}
